%YAML 1.1
%TAG !u! tag:unity3d.com,2011:
--- !u!1 &5348337889431429729
GameObject:
  m_ObjectHideFlags: 0
  m_CorrespondingSourceObject: {fileID: 0}
  m_PrefabInstance: {fileID: 0}
  m_PrefabAsset: {fileID: 0}
  serializedVersion: 6
  m_Component:
  - component: {fileID: 2912974753164363829}
  - component: {fileID: 7127224808851992289}
  - component: {fileID: 6601873490955869017}
  - component: {fileID: 3966276106291294666}
  m_Layer: 0
  m_Name: Grenade
  m_TagString: Untagged
  m_Icon: {fileID: 0}
  m_NavMeshLayer: 0
  m_StaticEditorFlags: 0
  m_IsActive: 1
--- !u!4 &2912974753164363829
Transform:
  m_ObjectHideFlags: 0
  m_CorrespondingSourceObject: {fileID: 0}
  m_PrefabInstance: {fileID: 0}
  m_PrefabAsset: {fileID: 0}
  m_GameObject: {fileID: 5348337889431429729}
  m_LocalRotation: {x: 0, y: 0, z: 0, w: 1}
  m_LocalPosition: {x: 317.3423, y: 238.82758, z: 83.2694}
  m_LocalScale: {x: 1, y: 1, z: 1}
  m_ConstrainProportionsScale: 0
  m_Children:
  - {fileID: 4556859310640744720}
  m_Father: {fileID: 0}
  m_RootOrder: 0
  m_LocalEulerAnglesHint: {x: 0, y: 0, z: 0}
--- !u!54 &7127224808851992289
Rigidbody:
  m_ObjectHideFlags: 0
  m_CorrespondingSourceObject: {fileID: 0}
  m_PrefabInstance: {fileID: 0}
  m_PrefabAsset: {fileID: 0}
  m_GameObject: {fileID: 5348337889431429729}
  serializedVersion: 2
  m_Mass: 150
  m_Drag: 0
  m_AngularDrag: 0
  m_UseGravity: 1
  m_IsKinematic: 0
  m_Interpolate: 0
  m_Constraints: 16
  m_CollisionDetection: 0
--- !u!114 &6601873490955869017
MonoBehaviour:
  m_ObjectHideFlags: 0
  m_CorrespondingSourceObject: {fileID: 0}
  m_PrefabInstance: {fileID: 0}
  m_PrefabAsset: {fileID: 0}
  m_GameObject: {fileID: 5348337889431429729}
  m_Enabled: 1
  m_EditorHideFlags: 0
  m_Script: {fileID: 11500000, guid: 2f6b4e7cee46b4d48923d82c6da07aec, type: 3}
  m_Name: 
  m_EditorClassIdentifier: 
  explosionVFX: {fileID: 7396790581615456159, guid: 157b14565823af041b5d3d598e91aabd, type: 3}
--- !u!136 &3966276106291294666
CapsuleCollider:
  m_ObjectHideFlags: 0
  m_CorrespondingSourceObject: {fileID: 0}
  m_PrefabInstance: {fileID: 0}
  m_PrefabAsset: {fileID: 0}
  m_GameObject: {fileID: 5348337889431429729}
  m_Material: {fileID: 0}
  m_IsTrigger: 0
  m_Enabled: 1
  m_Radius: 0.25
  m_Height: 0.6
  m_Direction: 1
  m_Center: {x: -0.06, y: 0.02, z: 0.045}
--- !u!1001 &4086891434157879035
PrefabInstance:
  m_ObjectHideFlags: 0
  serializedVersion: 2
  m_Modification:
    m_TransformParent: {fileID: 2912974753164363829}
    m_Modifications:
    - target: {fileID: -8679921383154817045, guid: 95c4b7a6b2a91d443b4358e09fe2c6e5, type: 3}
      propertyPath: m_RootOrder
      value: 0
      objectReference: {fileID: 0}
    - target: {fileID: -8679921383154817045, guid: 95c4b7a6b2a91d443b4358e09fe2c6e5, type: 3}
      propertyPath: m_LocalScale.x
      value: 0.1
      objectReference: {fileID: 0}
    - target: {fileID: -8679921383154817045, guid: 95c4b7a6b2a91d443b4358e09fe2c6e5, type: 3}
      propertyPath: m_LocalScale.y
      value: 0.1
      objectReference: {fileID: 0}
    - target: {fileID: -8679921383154817045, guid: 95c4b7a6b2a91d443b4358e09fe2c6e5, type: 3}
      propertyPath: m_LocalScale.z
      value: 0.1
      objectReference: {fileID: 0}
    - target: {fileID: -8679921383154817045, guid: 95c4b7a6b2a91d443b4358e09fe2c6e5, type: 3}
      propertyPath: m_LocalPosition.x
      value: -0.07016
      objectReference: {fileID: 0}
    - target: {fileID: -8679921383154817045, guid: 95c4b7a6b2a91d443b4358e09fe2c6e5, type: 3}
      propertyPath: m_LocalPosition.y
      value: 0.024709
      objectReference: {fileID: 0}
    - target: {fileID: -8679921383154817045, guid: 95c4b7a6b2a91d443b4358e09fe2c6e5, type: 3}
      propertyPath: m_LocalPosition.z
      value: 0.04861
      objectReference: {fileID: 0}
    - target: {fileID: -8679921383154817045, guid: 95c4b7a6b2a91d443b4358e09fe2c6e5, type: 3}
      propertyPath: m_LocalRotation.w
      value: 1
      objectReference: {fileID: 0}
    - target: {fileID: -8679921383154817045, guid: 95c4b7a6b2a91d443b4358e09fe2c6e5, type: 3}
      propertyPath: m_LocalRotation.x
      value: -0
      objectReference: {fileID: 0}
    - target: {fileID: -8679921383154817045, guid: 95c4b7a6b2a91d443b4358e09fe2c6e5, type: 3}
      propertyPath: m_LocalRotation.y
      value: -0
      objectReference: {fileID: 0}
    - target: {fileID: -8679921383154817045, guid: 95c4b7a6b2a91d443b4358e09fe2c6e5, type: 3}
      propertyPath: m_LocalRotation.z
      value: -0
      objectReference: {fileID: 0}
    - target: {fileID: -8679921383154817045, guid: 95c4b7a6b2a91d443b4358e09fe2c6e5, type: 3}
      propertyPath: m_LocalEulerAnglesHint.x
      value: 0
      objectReference: {fileID: 0}
    - target: {fileID: -8679921383154817045, guid: 95c4b7a6b2a91d443b4358e09fe2c6e5, type: 3}
      propertyPath: m_LocalEulerAnglesHint.y
      value: 0
      objectReference: {fileID: 0}
    - target: {fileID: -8679921383154817045, guid: 95c4b7a6b2a91d443b4358e09fe2c6e5, type: 3}
      propertyPath: m_LocalEulerAnglesHint.z
      value: 0
      objectReference: {fileID: 0}
    - target: {fileID: 919132149155446097, guid: 95c4b7a6b2a91d443b4358e09fe2c6e5, type: 3}
      propertyPath: m_Name
      value: V40 Mini
      objectReference: {fileID: 0}
    m_RemovedComponents: []
  m_SourcePrefab: {fileID: 100100000, guid: 95c4b7a6b2a91d443b4358e09fe2c6e5, type: 3}
--- !u!4 &4556859310640744720 stripped
Transform:
  m_CorrespondingSourceObject: {fileID: -8679921383154817045, guid: 95c4b7a6b2a91d443b4358e09fe2c6e5, type: 3}
  m_PrefabInstance: {fileID: 4086891434157879035}
  m_PrefabAsset: {fileID: 0}
